<record><leader>00000cas a22000007a 4500</leader><controlfield tag="001">18778410</controlfield><controlfield tag="008">881118d18972008mdudn ne      0   a0eng d</controlfield><datafield ind1=" " ind2=" " tag="010"><subfield code="a">sn 88065731 </subfield></datafield><datafield ind1=" " ind2=" " tag="040"><subfield code="a">MFN</subfield><subfield code="b">eng</subfield><subfield code="c">MFN</subfield><subfield code="d">UMC</subfield><subfield code="d">OCLCQ</subfield><subfield code="d">UMC</subfield><subfield code="d">OCLCF</subfield><subfield code="d">DLC</subfield></datafield><datafield ind1="0" ind2=" " tag="022"><subfield code="a">2475-4293</subfield><subfield code="2">1</subfield></datafield><datafield ind1=" " ind2=" " tag="042"><subfield code="a">msc</subfield><subfield code="a">nsdp</subfield></datafield><datafield ind1=" " ind2=" " tag="043"><subfield code="a">n-us-md</subfield></datafield><datafield ind1="0" ind2="0" tag="050"><subfield code="a">Newspaper</subfield></datafield><datafield ind1="1" ind2="0" tag="082"><subfield code="a">071</subfield><subfield code="2">23</subfield></datafield><datafield ind1="0" ind2=" " tag="130"><subfield code="a">Daily banner (Cambridge, Md.)</subfield></datafield><datafield ind1=" " ind2="4" tag="222"><subfield code="a">The daily banner</subfield><subfield code="b">(Cambridge, Md. Print)</subfield></datafield><datafield ind1="1" ind2="4" tag="245"><subfield code="a">The daily banner.</subfield></datafield><datafield ind1="1" ind2="3" tag="246"><subfield code="a">Cambridge daily banner</subfield></datafield><datafield ind1="1" ind2="3" tag="246"><subfield code="a">Daily banner and Cambridge record</subfield></datafield><datafield ind1=" " ind2=" " tag="260"><subfield code="a">Cambridge, Md. :</subfield><subfield code="b">Harrington Henry &amp; Co.</subfield></datafield><datafield ind1=" " ind2=" " tag="300"><subfield code="a">v.</subfield></datafield><datafield ind1=" " ind2=" " tag="310"><subfield code="a">Daily (except Sat. and Sun.),</subfield><subfield code="b">Mar. 8, 1973-</subfield></datafield><datafield ind1=" " ind2=" " tag="321"><subfield code="a">Daily (except Sun.),</subfield><subfield code="b">&lt;Sept. 22, 1902&gt;-Mar. 7, 1973</subfield></datafield><datafield ind1="1" ind2=" " tag="362"><subfield code="a">Began in Sept. 1897; ceased with v. 151, no. 162 (Aug. 1, 2008).</subfield></datafield><datafield ind1=" " ind2=" " tag="500"><subfield code="a">Published as: The daily banner and Cambridge record, Feb. 3, 1941-Feb. 14, 1942.</subfield></datafield><datafield ind1=" " ind2=" " tag="530"><subfield code="a">Archived issues are available in digital format from the Library of Congress Chronicling America online collection.</subfield></datafield><datafield ind1=" " ind2=" " tag="588"><subfield code="a">Description based on: Vol. 6, no. 1 (Sept. 22, 1902).</subfield></datafield><datafield ind1=" " ind2="0" tag="651"><subfield code="a">Cambridge (Md.)</subfield><subfield code="v">Newspapers.</subfield></datafield><datafield ind1=" " ind2="0" tag="651"><subfield code="a">Dorchester County (Md.)</subfield><subfield code="v">Newspapers.</subfield></datafield><datafield ind1=" " ind2="7" tag="651"><subfield code="a">Maryland</subfield><subfield code="z">Cambridge.</subfield><subfield code="2">fast</subfield><subfield code="0">(OCoLC)fst01218283</subfield></datafield><datafield ind1=" " ind2="7" tag="651"><subfield code="a">Maryland</subfield><subfield code="z">Dorchester County.</subfield><subfield code="2">fast</subfield><subfield code="0">(OCoLC)fst01207023</subfield></datafield><datafield ind1=" " ind2="7" tag="655"><subfield code="a">Newspapers.</subfield><subfield code="2">fast</subfield><subfield code="0">(OCoLC)fst01423814</subfield></datafield><datafield ind1=" " ind2=" " tag="752"><subfield code="a">United States</subfield><subfield code="b">Maryland</subfield><subfield code="c">Dorchester</subfield><subfield code="d">Cambridge.</subfield></datafield><datafield ind1="0" ind2=" " tag="775"><subfield code="t">Daily banner (Talbot County ed.)</subfield><subfield code="w">(DLC)sn 90057326</subfield><subfield code="w">(OCoLC)22589658</subfield></datafield><datafield ind1="0" ind2=" " tag="775"><subfield code="t">Talbot banner (Cambridge, Md.)</subfield><subfield code="w">(DLC)sn 90057327</subfield><subfield code="w">(OCoLC)22589770</subfield></datafield><datafield ind1="0" ind2=" " tag="775"><subfield code="t">Banner (Cambridge, Md.)</subfield><subfield code="w">(DLC)sn 90057328</subfield><subfield code="w">(OCoLC)22589826</subfield></datafield><datafield ind1="0" ind2="8" tag="776"><subfield code="i">Online version:</subfield><subfield code="t">Daily banner (Cambridge, Md.)</subfield><subfield code="x">2475-4307</subfield><subfield code="w">(DLC)  2016271266</subfield><subfield code="w">(OCoLC)966616328</subfield></datafield><datafield ind1="0" ind2="5" tag="780"><subfield code="t">Cambridge chronicle (Cambridge, Md. : 1871)</subfield><subfield code="w">(DLC)sn 84026687</subfield><subfield code="w">(OCoLC)10617253</subfield></datafield><datafield ind1="0" ind2="5" tag="780"><subfield code="t">Cambridge record</subfield><subfield code="w">(DLC)sn 89060117</subfield><subfield code="w">(OCoLC)20536350</subfield></datafield><datafield ind1="0" ind2="0" tag="785"><subfield code="t">Banner (Cambridge, Md. : 2008)</subfield><subfield code="w">(DLC)  2008251139</subfield><subfield code="w">(OCoLC)245039794</subfield></datafield><datafield ind1="4" ind2="1" tag="856"><subfield code="u">http://chroniclingamerica.loc.gov/lccn/sn88065731/issues/</subfield></datafield></record>